@article{szeliski2010high,
  title={High-quality multi-pass image resampling},
  author={Szeliski, Richard and Winder, Simon and Uyttendaele, Matt},
  journal={Microsoft Research, Redmond, WA, Tech. Rep. MSR-TR-2010-10},
  year={2010}
}
